<record><leader>00000cas a22000007a 4500</leader><controlfield tag="001">13864962</controlfield><controlfield tag="008">860714d18831914mtuwr ne      0   a0eng d</controlfield><datafield ind1=" " ind2=" " tag="010"><subfield code="a">sn 86075261 </subfield></datafield><datafield ind1=" " ind2=" " tag="040"><subfield code="a">MTL</subfield><subfield code="b">eng</subfield><subfield code="c">MTL</subfield><subfield code="d">OCLCQ</subfield><subfield code="d">YUS</subfield><subfield code="d">OCLCF</subfield><subfield code="d">OCLCO</subfield><subfield code="d">DLC</subfield></datafield><datafield ind1="0" ind2=" " tag="022"><subfield code="a">2470-4121</subfield><subfield code="2">1</subfield></datafield><datafield ind1=" " ind2=" " tag="042"><subfield code="a">msc</subfield><subfield code="a">nsdp</subfield></datafield><datafield ind1=" " ind2=" " tag="043"><subfield code="a">n-us-mt</subfield></datafield><datafield ind1="0" ind2="0" tag="050"><subfield code="a">Newspaper</subfield></datafield><datafield ind1="1" ind2="0" tag="082"><subfield code="a">071</subfield><subfield code="2">23</subfield></datafield><datafield ind1="0" ind2=" " tag="130"><subfield code="a">Livingston enterprise (Livingston, Mont.)</subfield></datafield><datafield ind1=" " ind2="4" tag="222"><subfield code="a">The Livingston enterprise</subfield><subfield code="b">(Livingston, Mont. Print)</subfield></datafield><datafield ind1="1" ind2="4" tag="245"><subfield code="a">The Livingston enterprise.</subfield></datafield><datafield ind1=" " ind2=" " tag="260"><subfield code="a">Livingston, Mont. :</subfield><subfield code="b">[G.H. Wright],</subfield><subfield code="c">-1914.</subfield></datafield><datafield ind1=" " ind2=" " tag="300"><subfield code="a">31 v.</subfield></datafield><datafield ind1=" " ind2=" " tag="310"><subfield code="a">Weekly</subfield></datafield><datafield ind1="0" ind2=" " tag="362"><subfield code="a">-v. 31, no. 48 (May 2, 1914).</subfield></datafield><datafield ind1="1" ind2=" " tag="362"><subfield code="a">Began June 4, 1883</subfield><subfield code="z">Cf. Gregory, W. Amer. newspapers, 1821-1936.</subfield></datafield><datafield ind1=" " ind2=" " tag="530"><subfield code="a">Archived issues are available in digital format from the Library of Congress Chronicling America online collection.</subfield></datafield><datafield ind1=" " ind2=" " tag="580"><subfield code="a">Other editions available: Daily enterprise (Livingston, Mont. : 1883), 1883-1884; Daily enterprise (Livingston, Mont. : 1910), 1910-1914.</subfield></datafield><datafield ind1=" " ind2=" " tag="588"><subfield code="a">Description based on: Vol. 2, no. 19 (Nov. 25 [i.e. 1], 1884).</subfield></datafield><datafield ind1=" " ind2="0" tag="651"><subfield code="a">Livingston (Mont.)</subfield><subfield code="v">Newspapers.</subfield></datafield><datafield ind1=" " ind2="7" tag="651"><subfield code="a">Montana</subfield><subfield code="z">Livingston.</subfield><subfield code="2">fast</subfield><subfield code="0">(OCoLC)fst01220475</subfield></datafield><datafield ind1=" " ind2="7" tag="655"><subfield code="a">Newspapers.</subfield><subfield code="2">fast</subfield><subfield code="0">(OCoLC)fst01423814</subfield></datafield><datafield ind1=" " ind2=" " tag="752"><subfield code="a">United States</subfield><subfield code="b">Montana</subfield><subfield code="c">Park</subfield><subfield code="d">Livingston.</subfield></datafield><datafield ind1="1" ind2=" " tag="775"><subfield code="t">Daily enterprise (Livingston, Mont. : 1883)</subfield><subfield code="w">(DLC)sn 85053382</subfield></datafield><datafield ind1="1" ind2=" " tag="775"><subfield code="t">Daily enterprise (Livingston, Mont. : 1910)</subfield><subfield code="w">(DLC)sn 86075264</subfield></datafield><datafield ind1="0" ind2="8" tag="776"><subfield code="i">Online version:</subfield><subfield code="t">Livingston enterprise (Livingston, Mont.)</subfield><subfield code="x">2470-413X</subfield><subfield code="w">(DLC)  2015270780</subfield><subfield code="w">(OCoLC)935319758</subfield></datafield><datafield ind1="0" ind2="5" tag="780"><subfield code="t">Livingston tribune</subfield><subfield code="g">Sept. 1, 1884</subfield><subfield code="w">(DLC)sn 84036090</subfield></datafield><datafield ind1="0" ind2="5" tag="780"><subfield code="t">Park County Republican (Livingston, Mont.)</subfield><subfield code="g">June 7, 1902</subfield><subfield code="w">(DLC)sn 86075260</subfield></datafield><datafield ind1="0" ind2="4" tag="785"><subfield code="t">Livingston post</subfield><subfield code="g">May 7, 1914</subfield><subfield code="w">(DLC)sn 86075263</subfield></datafield><datafield ind1="4" ind2="1" tag="856"><subfield code="u">http://www.loc.gov/chroniclingamerica/lccn/sn86075261/issues</subfield></datafield><datafield ind1="1" ind2=" " tag="029"><subfield code="a">AU@</subfield><subfield code="b">000023535625</subfield></datafield></record>